<record><leader>00000cas a22000007a 4500</leader><controlfield tag="001">22580254</controlfield><controlfield tag="008">901025u1971uuuumnuuu ne      0    0eng d</controlfield><datafield ind1=" " ind2=" " tag="010"><subfield code="a">sn 90060487 </subfield></datafield><datafield ind1=" " ind2=" " tag="040"><subfield code="a">MN#</subfield><subfield code="b">eng</subfield><subfield code="c">MN#</subfield><subfield code="d">OCLCQ</subfield><subfield code="d">OCLCF</subfield><subfield code="d">OCLCO</subfield></datafield><datafield ind1=" " ind2=" " tag="042"><subfield code="a">msc</subfield></datafield><datafield ind1=" " ind2=" " tag="043"><subfield code="a">n-us-mn</subfield></datafield><datafield ind1=" " ind2=" " tag="052"><subfield code="a">4144</subfield><subfield code="b">F4</subfield></datafield><datafield ind1=" " ind2=" " tag="052"><subfield code="a">4143</subfield><subfield code="b">R6</subfield></datafield><datafield ind1="0" ind2=" " tag="130"><subfield code="a">Spectator (Faribault, Minn.)</subfield></datafield><datafield ind1="1" ind2="4" tag="245"><subfield code="a">The spectator.</subfield></datafield><datafield ind1=" " ind2=" " tag="260"><subfield code="a">Faribault, Minn. :</subfield><subfield code="b">Shattuck School/St. Mary's Hall,</subfield><subfield code="c">1971-</subfield></datafield><datafield ind1=" " ind2=" " tag="300"><subfield code="a">v.</subfield></datafield><datafield ind1=" " ind2=" " tag="321"><subfield code="a">Every three weeks (during school year),</subfield><subfield code="b">Oct. 15, 1971-July 6, 1972</subfield></datafield><datafield ind1=" " ind2=" " tag="321"><subfield code="a">Biweekly (during school year),</subfield><subfield code="b">Sept. 23, 1972-May 3, 1974</subfield></datafield><datafield ind1=" " ind2=" " tag="321"><subfield code="a">Ten issues (during school year),</subfield><subfield code="b">Oct. 12, 1974-&lt;July 20, 1979&gt;</subfield></datafield><datafield ind1=" " ind2=" " tag="321"><subfield code="a">Eight issues (during school year),</subfield><subfield code="b">&lt;Oct. 13, 1979-Apr. 28, 1981&gt;</subfield></datafield><datafield ind1="0" ind2=" " tag="362"><subfield code="a">Vol. 51, no. 1 (Oct. 15, 1971)-</subfield></datafield><datafield ind1=" " ind2=" " tag="530"><subfield code="a">Available on microfilm from the Minnesota Historical Society.</subfield></datafield><datafield ind1=" " ind2=" " tag="550"><subfield code="a">Published by: Bishop Whipple Schools, Sept. 23, 1972-Apr. 25, 1981 ; Shattuck-St. Mary's Schools, &lt;Oct. 7, 1983&gt;.</subfield></datafield><datafield ind1="2" ind2="0" tag="610"><subfield code="a">Shattuck-St. Mary's Schools</subfield><subfield code="v">Periodicals.</subfield></datafield><datafield ind1="2" ind2="0" tag="610"><subfield code="a">Bishop Whipple Schools</subfield><subfield code="v">Periodicals.</subfield></datafield><datafield ind1=" " ind2="0" tag="650"><subfield code="a">High schools</subfield><subfield code="z">Minnesota</subfield><subfield code="z">Faribault</subfield><subfield code="v">Periodicals.</subfield></datafield><datafield ind1=" " ind2="0" tag="650"><subfield code="a">Schools</subfield><subfield code="z">Minnesota</subfield><subfield code="z">Faribault</subfield><subfield code="v">Periodicals.</subfield></datafield><datafield ind1=" " ind2="0" tag="650"><subfield code="a">Military education</subfield><subfield code="z">Minnesota</subfield><subfield code="z">Faribault</subfield><subfield code="v">Periodicals.</subfield></datafield><datafield ind1=" " ind2="7" tag="655"><subfield code="a">Periodicals.</subfield><subfield code="2">fast</subfield><subfield code="0">(OCoLC)fst01411641</subfield></datafield><datafield ind1="2" ind2="7" tag="610"><subfield code="a">Bishop Whipple Schools.</subfield><subfield code="2">fast</subfield><subfield code="0">(OCoLC)fst00605747</subfield></datafield><datafield ind1="2" ind2="7" tag="610"><subfield code="a">Shattuck-St. Mary's Schools.</subfield><subfield code="2">fast</subfield><subfield code="0">(OCoLC)fst00605748</subfield></datafield><datafield ind1=" " ind2="7" tag="650"><subfield code="a">High schools.</subfield><subfield code="2">fast</subfield><subfield code="0">(OCoLC)fst00956288</subfield></datafield><datafield ind1=" " ind2="7" tag="650"><subfield code="a">Military education.</subfield><subfield code="2">fast</subfield><subfield code="0">(OCoLC)fst01021108</subfield></datafield><datafield ind1=" " ind2="7" tag="650"><subfield code="a">Schools.</subfield><subfield code="2">fast</subfield><subfield code="0">(OCoLC)fst01107958</subfield></datafield><datafield ind1=" " ind2="7" tag="651"><subfield code="a">Minnesota</subfield><subfield code="z">Faribault.</subfield><subfield code="2">fast</subfield><subfield code="0">(OCoLC)fst01212940</subfield></datafield><datafield ind1="2" ind2=" " tag="710"><subfield code="a">Shattuck-St. Mary's Schools.</subfield></datafield><datafield ind1="2" ind2=" " tag="710"><subfield code="a">Bishop Whipple Schools.</subfield></datafield><datafield ind1="0" ind2="0" tag="780"><subfield code="t">Shattuck spectator</subfield><subfield code="w">(DLC)sn 90060486</subfield></datafield></record>